<record><leader>00000cas a22000007a 4500</leader><controlfield tag="001">20535430</controlfield><controlfield tag="008">891023d196019uumduwr ne      0    0eng d</controlfield><datafield ind1=" " ind2=" " tag="010"><subfield code="a">sn 89060223 </subfield></datafield><datafield ind1=" " ind2=" " tag="040"><subfield code="a">MFN</subfield><subfield code="b">eng</subfield><subfield code="c">MFN</subfield><subfield code="d">OCLCQ</subfield></datafield><datafield ind1=" " ind2=" " tag="042"><subfield code="a">msc</subfield></datafield><datafield ind1="0" ind2=" " tag="130"><subfield code="a">County times (Glen Burnie, Md.)</subfield></datafield><datafield ind1="1" ind2="4" tag="245"><subfield code="a">The county times.</subfield></datafield><datafield ind1=" " ind2=" " tag="260"><subfield code="a">Glen Burnie, Md. :</subfield><subfield code="b">Charles G. Taylor</subfield></datafield><datafield ind1=" " ind2=" " tag="310"><subfield code="a">Weekly</subfield></datafield><datafield ind1="0" ind2=" " tag="362"><subfield code="a">Vol. 1, no. 1 (July 21, 1960)-</subfield></datafield><datafield ind1=" " ind2=" " tag="752"><subfield code="a">United States</subfield><subfield code="b">Maryland</subfield><subfield code="c">Anne Arundel</subfield><subfield code="d">Glen Burnie.</subfield></datafield></record>